<record><leader>00000cas a2200000 a 4500</leader><controlfield tag="001">25690283</controlfield><controlfield tag="008">920422d19131916wyudn ne      0    0eng c</controlfield><datafield ind1=" " ind2=" " tag="010"><subfield code="a">sn 92066998 </subfield></datafield><datafield ind1=" " ind2=" " tag="040"><subfield code="a">NVO</subfield><subfield code="b">eng</subfield><subfield code="c">NVO</subfield><subfield code="d">DLC</subfield><subfield code="d">OCLCQ</subfield><subfield code="d">OCLCF</subfield><subfield code="d">OCLCO</subfield></datafield><datafield ind1="1" ind2=" " tag="029"><subfield code="a">AU@</subfield><subfield code="b">000020701784</subfield></datafield><datafield ind1=" " ind2=" " tag="042"><subfield code="a">pcc</subfield></datafield><datafield ind1=" " ind2=" " tag="043"><subfield code="a">n-us-wy</subfield></datafield><datafield ind1="0" ind2="0" tag="050"><subfield code="a">Newspaper 10304</subfield></datafield><datafield ind1="0" ind2=" " tag="130"><subfield code="a">Laramie daily boomerang (Laramie, Wyo. : 1913)</subfield></datafield><datafield ind1="1" ind2="0" tag="245"><subfield code="a">Laramie daily boomerang.</subfield></datafield><datafield ind1="1" ind2="3" tag="246"><subfield code="a">Laramie boomerang</subfield><subfield code="f">Jan. 30-Feb. 20, 1915</subfield></datafield><datafield ind1="1" ind2="3" tag="246"><subfield code="a">Daily boomerang</subfield></datafield><datafield ind1=" " ind2=" " tag="260"><subfield code="a">Laramie, Wyo. :</subfield><subfield code="b">Boomerang Print. Co.</subfield></datafield><datafield ind1=" " ind2=" " tag="300"><subfield code="a">v.</subfield></datafield><datafield ind1=" " ind2=" " tag="310"><subfield code="a">Daily (except Sunday)</subfield></datafield><datafield ind1="0" ind2=" " tag="362"><subfield code="a">Vol. 33, no. 210 (Nov. 17, 1913)-v. 35, no. 68 (Dec. 23, 1916).</subfield></datafield><datafield ind1=" " ind2=" " tag="515"><subfield code="a">Numbering is irregular.</subfield></datafield><datafield ind1=" " ind2=" " tag="515"><subfield code="a">Suspended Sept. 5, 1915-Oct. 8, 1916.</subfield></datafield><datafield ind1=" " ind2=" " tag="580"><subfield code="a">Semiweekly eds.: Semi-weekly boomerang, Nov. 1913-Sept. 13, 1915; and Laramie semi-weekly boomerang, Sept. 16, 1915-Dec. 21, 1916.</subfield></datafield><datafield ind1=" " ind2=" " tag="580"><subfield code="a">Weekly ed.: Weekly boomerang, &lt;Dec. 11,&gt; 1913-July 28, 1915.</subfield></datafield><datafield ind1=" " ind2="0" tag="651"><subfield code="a">Laramie (Wyo.)</subfield><subfield code="v">Newspapers.</subfield></datafield><datafield ind1=" " ind2="0" tag="651"><subfield code="a">Albany County (Wyo.)</subfield><subfield code="v">Newspapers.</subfield></datafield><datafield ind1=" " ind2="7" tag="655"><subfield code="a">Newspapers.</subfield><subfield code="2">fast</subfield><subfield code="0">(OCoLC)fst01423814</subfield></datafield><datafield ind1=" " ind2="7" tag="651"><subfield code="a">Wyoming</subfield><subfield code="z">Albany County.</subfield><subfield code="2">fast</subfield><subfield code="0">(OCoLC)fst01222019</subfield></datafield><datafield ind1=" " ind2="7" tag="651"><subfield code="a">Wyoming</subfield><subfield code="z">Laramie.</subfield><subfield code="2">fast</subfield><subfield code="0">(OCoLC)fst01208818</subfield></datafield><datafield ind1=" " ind2=" " tag="752"><subfield code="a">United States</subfield><subfield code="b">Wyoming</subfield><subfield code="c">Albany</subfield><subfield code="d">Laramie.</subfield></datafield><datafield ind1="1" ind2=" " tag="775"><subfield code="t">Semi-weekly boomerang (Laramie, Wyo. : 1913)</subfield><subfield code="w">(DLC)sn 92066995</subfield></datafield><datafield ind1="1" ind2=" " tag="775"><subfield code="t">Laramie semi-weekly boomerang (Laramie, Wyo. : 1915)</subfield><subfield code="w">(DLC)sn 86072188</subfield></datafield><datafield ind1="1" ind2=" " tag="775"><subfield code="t">Weekly boomerang (Laramie, Wyo. : 1913)</subfield><subfield code="w">(DLC)sn 92066984</subfield></datafield><datafield ind1="0" ind2="0" tag="780"><subfield code="t">Laramie boomerang (Laramie, Wyo. : 1912 : Daily)</subfield><subfield code="w">(DLC)sn 92066997</subfield></datafield><datafield ind1="0" ind2="0" tag="785"><subfield code="t">Laramie boomerang (Laramie, Wyo. : 1916)</subfield><subfield code="w">(DLC)sn 86072183</subfield></datafield></record>